@inproceedings{duong2015low,
  title={Low resource dependency parsing: Cross-lingual parameter sharing in a neural network parser},
  author={Duong, Long and Cohn, Trevor and Bird, Steven and Cook, Paul},
  booktitle={Proceedings of the 53rd Annual Meeting of the Association for Computational Linguistics and the 7th International Joint Conference on Natural Language Processing (Volume 2: Short Papers)},
  volume={2},
  pages={845--850},
  year={2015}
}

@inproceedings{graves2013hybrid,
  title={Hybrid speech recognition with deep bidirectional LSTM},
  author={Graves, Alex and Jaitly, Navdeep and Mohamed, Abdel-rahman},
  booktitle={Automatic Speech Recognition and Understanding (ASRU), 2013 IEEE Workshop on},
  pages={273--278},
  year={2013},
  organization={IEEE}
}

@article{bahdanau2014neural,
  title={Neural machine translation by jointly learning to align and translate},
  author={Bahdanau, Dzmitry and Cho, Kyunghyun and Bengio, Yoshua},
  journal={arXiv preprint arXiv:1409.0473},
  year={2014}
}

@inproceedings{jacob2009clustered,
  title={Clustered multi-task learning: A convex formulation},
  author={Jacob, Laurent and Vert, Jean-philippe and Bach, Francis R},
  booktitle={Advances in neural information processing systems},
  pages={745--752},
  year={2009}
}

@book{jurafsky2014speech,
  title={Speech and language processing},
  author={Jurafsky, Dan and Martin, James H},
  volume={3},
  year={2014},
  publisher={Pearson London:}
}

@article{hochreiter1997long,
  title={Long short-term memory},
  author={Hochreiter, Sepp and Schmidhuber, J\"urgen},
  journal={Neural computation},
  volume={9},
  number={8},
  pages={1735--1780},
  year={1997},
  publisher={MIT Press}
}

@article{yu2018qanet,
  title={QANet: Combining Local Convolution with Global Self-Attention for Reading Comprehension},
  author={Yu, Adams Wei and Dohan, David and Luong, Minh-Thang and Zhao, Rui and Chen, Kai and Norouzi, Mohammad and Le, Quoc V},
  journal={arXiv preprint arXiv:1804.09541},
  year={2018}
}

@article{van2016wavenet,
  title={Wavenet: A generative model for raw audio},
  author={Van Den Oord, Aaron and Dieleman, Sander and Zen, Heiga and Simonyan, Karen and Vinyals, Oriol and Graves, Alex and Kalchbrenner, Nal and Senior, Andrew and Kavukcuoglu, Koray},
  journal={arXiv preprint arXiv:1609.03499},
  year={2016}
}

@article{anholt2014mining,
  title={Mining free-text medical records for companion animal enteric syndrome surveillance},
  author={Anholt, R Michele and Berezowski, John and Jamal, Iqbal and Ribble, Carl and Stephen, Craig},
  journal={Preventive veterinary medicine},
  volume={113},
  number={4},
  pages={417--422},
  year={2014},
  publisher={Elsevier}
}

@article{donnelly2006snomed,
  title={SNOMED-CT: The advanced terminology and coding system for eHealth},
  author={Donnelly, Kevin},
  journal={Studies in health technology and informatics},
  volume={121},
  pages={279},
  year={2006},
  publisher={IOS Press; 1999}
}

@article{mikolov2012statistical,
  title={Statistical language models based on neural networks},
  author={Mikolov, Tom{\'a}{\v{s}}},
  journal={Presentation at Google, Mountain View, 2nd April},
  year={2012}
}

@article{sorower2010literature,
  title={A literature survey on algorithms for multi-label learning},
  author={Sorower, Mohammad S},
  journal={Oregon State University, Corvallis},
  volume={18},
  year={2010}
}

@inproceedings{collobert2008unified,
  title={A unified architecture for natural language processing: Deep neural networks with multitask learning},
  author={Collobert, Ronan and Weston, Jason},
  booktitle={Proceedings of the 25th international conference on Machine learning},
  pages={160--167},
  year={2008},
  organization={ACM}
}

@inproceedings{krizhevsky2012imagenet,
  title={Imagenet classification with deep convolutional neural networks},
  author={Krizhevsky, Alex and Sutskever, Ilya and Hinton, Geoffrey E},
  booktitle={Advances in neural information processing systems},
  pages={1097--1105},
  year={2012}
}

@article{kol2015companion,
  title={Companion animals: Translational scientist’s new best friends},
  author={Kol, Amir and Arzi, Boaz and Athanasiou, Kyriacos A and Farmer, Diana L and Nolta, Jan A and Rebhun, Robert B and Chen, Xinbin and Griffiths, Leigh G and Verstraete, Frank JM and Murphy, Christopher J and others},
  journal={Science translational medicine},
  volume={7},
  number={308},
  pages={308ps21--308ps21},
  year={2015},
  publisher={American Association for the Advancement of Science}
}
  
@article{leblanc2016defining,
  title={Defining the value of a comparative approach to cancer drug development},
  author={LeBlanc, Amy K and Mazcko, Christina N and Khanna, Chand},
  journal={Clinical Cancer Research},
  volume={22},
  number={9},
  pages={2133--2138},
  year={2016},
  publisher={AACR}
}

@inproceedings{klambauer2017self,
  title={Self-normalizing neural networks},
  author={Klambauer, G{\"u}nter and Unterthiner, Thomas and Mayr, Andreas and Hochreiter, Sepp},
  booktitle={Advances in Neural Information Processing Systems},
  pages={971--980},
  year={2017}
}

@inproceedings{cortes2016learning,
  title={Learning with rejection},
  author={Cortes, Corinna and DeSalvo, Giulia and Mohri, Mehryar},
  booktitle={International Conference on Algorithmic Learning Theory},
  pages={67--82},
  year={2016},
  organization={Springer}
}

@inproceedings{niculescu2005predicting,
  title={Predicting good probabilities with supervised learning},
  author={Niculescu-Mizil, Alexandru and Caruana, Rich},
  booktitle={Proceedings of the 22nd international conference on Machine learning},
  pages={625--632},
  year={2005},
  organization={ACM}
}

@inproceedings{pennington2014glove,
  title={Glove: Global vectors for word representation},
  author={Pennington, Jeffrey and Socher, Richard and Manning, Christopher},
  booktitle={Proceedings of the 2014 conference on empirical methods in natural language processing (EMNLP)},
  pages={1532--1543},
  year={2014}
}

@inproceedings{
kingma2014adam,
title={Adam: A method for stochastic optimization},
author={Kingma, Diederik P and Ba, Jimmy},
booktitle={International Conference on Learning Representations},
year={2015},
}

@inproceedings{graves2005bidirectional,
  title={Bidirectional LSTM networks for improved phoneme classification and recognition},
  author={Graves, Alex and Fern{\'a}ndez, Santiago and Schmidhuber, J{\"u}rgen},
  booktitle={International Conference on Artificial Neural Networks},
  pages={799--804},
  year={2005},
  organization={Springer}
}

@article{duke2016large,
  title={Large-scale data reporting of paediatric morbidity and mortality in developing countries: it can be done},
  author={Duke, Trevor and Yano, Edilson and Hutchinson, Adrian and Hwaihwanje, Ilomo and Aipit, Jimmy and Tovilu, Mathias and Uluk, Tarcisius and Rongap, Theresia and Vetuna, Beryl and Lagani, William and others},
  journal={Archives of disease in childhood},
  volume={101},
  number={4},
  pages={392--397},
  year={2016},
  publisher={BMJ Publishing Group Ltd}
}

@article{mathers2005counting,
  title={Counting the dead and what they died from: an assessment of the global status of cause of death data},
  author={Mathers, Colin D and Ma Fat, Doris and Inoue, Mie and Rao, Chalapati and Lopez, Alan D},
  journal={Bulletin of the world health organization},
  volume={83},
  pages={171--177c},
  year={2005},
  publisher={SciELO Public Health}
}

@article{van2016feasibility,
  title={Feasibility of extracting data from electronic medical records for research: an international comparative study},
  author={van Velthoven, Michelle Helena and Mastellos, Nikolaos and Majeed, Azeem and O’Donoghue, John and Car, Josip},
  journal={BMC medical informatics and decision making},
  volume={16},
  number={1},
  pages={90},
  year={2016},
  publisher={BioMed Central}
}

@article{saeed2011multiparameter,
  title={Multiparameter Intelligent Monitoring in Intensive Care II (MIMIC-II): a public-access intensive care unit database},
  author={Saeed, Mohammed and Villarroel, Mauricio and Reisner, Andrew T and Clifford, Gari and Lehman, Li-Wei and Moody, George and Heldt, Thomas and Kyaw, Tin H and Moody, Benjamin and Mark, Roger G},
  journal={Critical care medicine},
  volume={39},
  number={5},
  pages={952},
  year={2011},
  publisher={NIH Public Access}
}

@article{perotte2013diagnosis,
  title={Diagnosis code assignment: models and evaluation metrics},
  author={Perotte, Adler and Pivovarov, Rimma and Natarajan, Karthik and Weiskopf, Nicole and Wood, Frank and Elhadad, No{\'e}mie},
  journal={Journal of the American Medical Informatics Association},
  volume={21},
  number={2},
  pages={231--237},
  year={2013},
  publisher={BMJ Publishing Group}
}

@article{rajkomar2018scalable,
  title={Scalable and accurate deep learning with electronic health records},
  author={Rajkomar, Alvin and Oren, Eyal and Chen, Kai and Dai, Andrew M and Hajaj, Nissan and Hardt, Michaela and Liu, Peter J and Liu, Xiaobing and Marcus, Jake and Sun, Mimi and others},
  journal={npj Digital Medicine},
  volume={1},
  number={1},
  pages={18},
  year={2018},
  publisher={Nature Publishing Group}
}

@article{halpern2016electronic,
  title={Electronic medical record phenotyping using the anchor and learn framework},
  author={Halpern, Yoni and Horng, Steven and Choi, Youngduck and Sontag, David},
  journal={Journal of the American Medical Informatics Association},
  volume={23},
  number={4},
  pages={731--740},
  year={2016},
  publisher={Oxford University Press}
}

@article{shivade2013review,
  title={A review of approaches to identifying patient phenotype cohorts using electronic health records},
  author={Shivade, Chaitanya and Raghavan, Preethi and Fosler-Lussier, Eric and Embi, Peter J and Elhadad, Noemie and Johnson, Stephen B and Lai, Albert M},
  journal={Journal of the American Medical Informatics Association},
  volume={21},
  number={2},
  pages={221--230},
  year={2013},
  publisher={BMJ Publishing Group}
}

@article{gehrmann2017comparing,
  title={Comparing Rule-Based and Deep Learning Models for Patient Phenotyping},
  author={Gehrmann, Sebastian and Dernoncourt, Franck and Li, Yeran and Carlson, Eric T and Wu, Joy T and Welt, Jonathan and Foote Jr, John and Moseley, Edward T and Grant, David W and Tyler, Patrick D and others},
  journal={arXiv preprint arXiv:1703.08705},
  year={2017}
}

@article{shickel2017deep,
  title={Deep EHR: A Survey of Recent Advances in Deep Learning Techniques for Electronic Health Record (EHR) Analysis},
  author={Shickel, Benjamin and Tighe, Patrick James and Bihorac, Azra and Rashidi, Parisa},
  journal={IEEE Journal of Biomedical and Health Informatics},
  year={2017},
  publisher={IEEE}
}

@article{li2012literature,
  title={Literature survey: domain adaptation algorithms for natural language processing},
  author={Li, Qi},
  journal={Department of Computer Science The Graduate Center, The City University of New York},
  pages={8--10},
  year={2012}
}

@article{goldberg2017neural,
  title={Neural network methods for natural language processing},
  author={Goldberg, Yoav},
  journal={Synthesis Lectures on Human Language Technologies},
  volume={10},
  number={1},
  pages={1--309},
  year={2017},
  publisher={Morgan \& Claypool Publishers}
}

@article{johnson2016mimic,
  title={MIMIC-III, a freely accessible critical care database},
  author={Johnson, Alistair EW and Pollard, Tom J and Shen, Lu and Li-wei, H Lehman and Feng, Mengling and Ghassemi, Mohammad and Moody, Benjamin and Szolovits, Peter and Celi, Leo Anthony and Mark, Roger G},
  journal={Scientific data},
  volume={3},
  pages={160035},
  year={2016},
  publisher={Nature Publishing Group}
}

@article{kavuluru2015empirical,
  title={An empirical evaluation of supervised learning approaches in assigning diagnosis codes to electronic medical records},
  author={Kavuluru, Ramakanth and Rios, Anthony and Lu, Yuan},
  journal={Artificial intelligence in medicine},
  volume={65},
  number={2},
  pages={155--166},
  year={2015},
  publisher={Elsevier}
}

@article{subotin2016method,
  title={A method for modeling co-occurrence propensity of clinical codes with application to ICD-10-PCS auto-coding},
  author={Subotin, Michael and Davis, Anthony R},
  journal={Journal of the American Medical Informatics Association},
  volume={23},
  number={5},
  pages={866--871},
  year={2016},
  publisher={Oxford University Press}
}

@inproceedings{baumel2017multi,
	author = {Tal Baumel and Jumana Nassour-Kassis and Raphael Cohen and Michael Elhadad and Nóemie Elhadad},
	title = {Multi-Label Classification of Patient Notes: Case Study on ICD Code Assignment},
	booktitle = {AAAI Workshops},
	year = {2018},
	keywords = {EHR; Text Classification},
	url = {https://aaai.org/ocs/index.php/WS/AAAIW18/paper/view/16881}
}

@article{velupillai2015recent,
  title={Recent advances in clinical natural language processing in support of semantic analysis},
  author={Velupillai, Sumithra and Mowery, D and South, Brett R and Kvist, Maria and Dalianis, Hercules},
  journal={Yearbook of medical informatics},
  volume={10},
  number={1},
  pages={183},
  year={2015},
  publisher={Schattauer Publishers}
}

@inproceedings{werling2015job,
  title={On-the-job learning with bayesian decision theory},
  author={Werling, Keenon and Chaganty, Arun Tejasvi and Liang, Percy S and Manning, Christopher D},
  booktitle={Advances in Neural Information Processing Systems},
  pages={3465--3473},
  year={2015}
}

@article{demner2016aspiring,
  title={Aspiring to unintended consequences of natural language processing: a review of recent developments in clinical and consumer-generated text processing},
  author={Demner-Fushman, D and Elhadad, Noemie},
  journal={Yearbook of medical informatics},
  number={1},
  pages={224},
  year={2016},
  publisher={Schattauer Publishers}
}

@article{pradhan2014evaluating,
  title={Evaluating the state of the art in disorder recognition and normalization of the clinical narrative},
  author={Pradhan, Sameer and Elhadad, No{\'e}mie and South, Brett R and Martinez, David and Christensen, Lee and Vogel, Amy and Suominen, Hanna and Chapman, Wendy W and Savova, Guergana},
  journal={Journal of the American Medical Informatics Association},
  volume={22},
  number={1},
  pages={143--154},
  year={2014},
  publisher={Oxford University Press}
}

@inproceedings{jagannatha2016bidirectional,
  title={Bidirectional RNN for medical event detection in electronic health records},
  author={Jagannatha, Abhyuday N and Yu, Hong},
  booktitle={Proceedings of the conference. Association for Computational Linguistics. North American Chapter. Meeting},
  volume={2016},
  pages={473},
  year={2016},
  organization={NIH Public Access}
}

@inproceedings{elhadad2015semeval,
  title={SemEval-2015 task 14: Analysis of clinical text},
  author={Elhadad, No{\'e}mie and Pradhan, Sameer and Gorman, Sharon and Manandhar, Suresh and Chapman, Wendy and Savova, Guergana},
  booktitle={Proceedings of the 9th International Workshop on Semantic Evaluation (SemEval 2015)},
  pages={303--310},
  year={2015}
}

@inproceedings{pradhan2014semeval,
  title={Semeval-2014 task 7: Analysis of clinical text},
  author={Pradhan, Sameer and Elhadad, No{\'e}mie and Chapman, Wendy and Manandhar, Suresh and Savova, Guergana},
  booktitle={Proceedings of the 8th International Workshop on Semantic Evaluation (SemEval 2014)},
  pages={54--62},
  year={2014}
}


@misc{grimm2016bark,
  title={From bark to bedside},
  author={Grimm, David},
  year={2016},
  publisher={American Association for the Advancement of Science}
}

@article{klinck2017translational,
  title={Translational pain assessment: could natural animal models be the missing link?},
  author={Klinck, Mary P and Mogil, Jeffrey S and Moreau, Maxim and Lascelles, B Duncan X and Flecknell, Paul A and Poitte, Thierry and Troncy, Eric},
  journal={Pain},
  volume={158},
  number={9},
  pages={1633--1646},
  year={2017},
  publisher={LWW}
}

@incollection{baraban2014new,
  title={What new modeling approaches will help us identify promising drug treatments?},
  author={Baraban, Scott C and L{\"o}scher, Wolfgang},
  booktitle={Issues in Clinical Epileptology: A View from the Bench},
  pages={283--294},
  year={2014},
  publisher={Springer}
}

@article{hernandez2018naturally,
  title={Naturally occurring canine melanoma as a predictive comparative oncology model for human mucosal and other triple wild-type melanomas},
  author={Hernandez, Belen and Adissu, Hibret A and Wei, Bih-Rong and Michael, Helen T and Merlino, Glenn and Simpson, R Mark},
  journal={International journal of molecular sciences},
  volume={19},
  number={2},
  pages={394},
  year={2018},
  publisher={Multidisciplinary Digital Publishing Institute}
}

@article{pivovarov2015learning,
  title={Learning probabilistic phenotypes from heterogeneous EHR data},
  author={Pivovarov, Rimma and Perotte, Adler J and Grave, Edouard and Angiolillo, John and Wiggins, Chris H and Elhadad, No{\'e}mie},
  journal={Journal of biomedical informatics},
  volume={58},
  pages={156--165},
  year={2015},
  publisher={Elsevier}
}

@inproceedings{kim2014convolutional,
  title={Convolutional Neural Networks for Sentence Classification},
  author={Kim, Yoon},
  booktitle={Proceedings of the 2014 Conference on Empirical Methods in Natural Language Processing (EMNLP)},
  pages={1746--1751},
  year={2014}
}

@article{o2014approaches,
title={Approaches to canine health surveillance},
author={O’Neill, Dan G and Church, David B and McGreevy, Paul D and Thomson, Peter C and Brodbelt, Dave C},
journal={Canine genetics and epidemiology},
volume={1},
number={1},
pages={2},
year={2014},
publisher={BioMed Central}
}

@inproceedings{
lipton2015learning,
title={Learning to diagnose with LSTM recurrent neural networks},
author={Lipton, Zachary C and Kale, David C and Elkan, Charles and Wetzel, Randall},
booktitle={International Conference on Learning Representations},
year={2016},
}

@article{aronson2010overview,
  title={An overview of MetaMap: historical perspective and recent advances},
  author={Aronson, Alan R and Lang, Fran{\c{c}}ois-Michel},
  journal={Journal of the American Medical Informatics Association},
  volume={17},
  number={3},
  pages={229--236},
  year={2010},
  publisher={BMJ Group BMA House, Tavistock Square, London, WC1H 9JR}
}

@inproceedings{ancona2018towards,
  title={Towards better understanding of gradient-based attribution methods for Deep Neural Networks},
  author={Ancona, Marco and Ceolini, Enea and Oztireli, Cengiz and Gross, Markus},
  booktitle={6th International Conference on Learning Representations (ICLR 2018)},
  year={2018}
}

@article{karpathy2015visualizing,
  title={Visualizing and understanding recurrent networks},
  author={Karpathy, Andrej and Johnson, Justin and Fei-Fei, Li},
  journal={arXiv preprint arXiv:1506.02078},
  year={2015}
}

@article{shapley1953value,
  title={A value for n-person games},
  author={Shapley, Lloyd S},
  journal={Contributions to the Theory of Games},
  volume={2},
  number={28},
  pages={307--317},
  year={1953}
}

@article{murdoch2018beyond,
  title={Beyond Word Importance: Contextual Decomposition to Extract Interactions from LSTMs},
  author={Murdoch, W James and Liu, Peter J and Yu, Bin},
  journal={arXiv preprint arXiv:1801.05453},
  year={2018}
}